@online{dataAug,
    author = "Arun Gandhi",
    year = 2021,
    month = 5,
    day = 6,
    title = "{Data Augmentation | How to use Deep Learning when you have Limited Data — Part 2}",
    url  = "https://nanonets.com/blog/data-augmentation-how-to-use-deep-learning-when-you-have-limited-data-part-2/",
    urldate = {2021-05-09}
}


@article{ioffe2015batch,
    author    = {Sergey Ioffe and
               Christian Szegedy},
    title     = {Batch Normalization: Accelerating Deep Network Training by Reducing
               Internal Covariate Shift},
    journal   = {CoRR},
    volume    = {abs/1502.03167},
    year      = {2015},
    % url       = {http://arxiv.org/abs/1502.03167},
    archivePrefix = {arXiv},
    eprint    = {1502.03167},
    timestamp = {Mon, 13 Aug 2018 16:47:06 +0200},
    biburl    = {https://dblp.org/rec/journals/corr/IoffeS15.bib},
    bibsource = {dblp computer science bibliography, https://dblp.org},
    % urldate = {2021-05-09}
}

@software{matlab,
    title = "Fully connected layer - {MATLAB}",
    author = {MathWorks},
    url = "https://uk.mathworks.com/help/deeplearning/ref/nnet.cnn.layer.fullyconnectedlayer.html",
    urldate = {2021-05-09}
}

@online{3b1b,
    title = "{What is backpropagation really doing? | Deep learning, chapter 3}",
    author = "3Blue1Brown",
    organization = "YouTube",
    year = 2017,
    month = 11,
    day = 3,
    url = "https://www.youtube.com/watch?v=Ilg3gGewQ5U",
    urldate = {2021-05-09}
}
    
@online{cifar10,
    title = "{Optimizers Evaluation (SGD, Adam, RMSprop, Adadelta, Adagrad)}",
    author = "Adhish Thite",
    organization = "GitHub",
    year = 2018,
    month = 4,
    day = 16,
    url = "https://github.com/adhishthite/cifar10-optimizers/blob/master/CIFAR-Optimizers.ipynb",
    urldate = {2021-05-09}
}

@article{LeCun1989,
    author = {LeCun, Y. and Boser, B. and Denker, J. S. and Henderson, D. and Howard, R. E. and Hubbard, W. and Jackel, L. D.},
    title = "{Backpropagation Applied to Handwritten Zip Code Recognition}",
    journal = {Neural Computation},
    volume = {1},
    number = {4},
    pages = {541-551},
    year = 1989,
    month = 12,
    % url = {https://doi.org/10.1162/neco.1989.1.4.541},
    % urldate = {2021-05-09}
}


@online{tdsAlexNet,
    author = "Jerry Wei",
    title = "{AlexNet: The Architecture that Challenged CNNs}",
    year = 2019,
    month = 7,
    day = 3,
    url = "https://towardsdatascience.com/alexnet-the-architecture-that-challenged-cnns-e406d5297951",
    urldate = {2021-05-09}
}

@online{ImageRecognitionApp,
    author = "Khloe",
    year = 2020,
    month = 1,
    day = 16,
    organization = "Data Science Society",
    title = "{Image Recognition Applications: 7 Essential Future Uses}",
    url = "https://www.datasciencesociety.net/image-recognition-applications-7-essential-future-uses/",
    urldate = {2021-05-09}
}

@article{AlexNetArticle,
    author = {Krizhevsky, Alex and Sutskever, Ilya and Hinton, Geoffrey E.},
    title = {ImageNet Classification with Deep Convolutional Neural Networks},
    journal = {Commun. ACM},
    volume = {60},
    number = {6},
    pages = {84–90},
    year = 2017,
    month = 5,
    % url = "https://dl.acm.org/doi/10.1145/3065386",
    % urldate = {2021-05-09}
}
